:20:9400124594241649
:25:100193027
:28:7490
:60F:C210728IDR9705076464,
:61:2106280628DR3727363727NTRFWF/21/06/A00018//3501730408
:86:999?00OUTGOING RTGS TRANSFER?20/PY/PINBUK CB TO SCB?21/BN/PT 
GARUDA INDONESIA (PERSERO) TBK SKN/1/0 0300?22/BI/30608813157?23/
AB/SCBLIDJX
:61:2106280628DR4927701,NTRFWF/21/06/A00020//3501730408
:86:999?00OUTGOING RTGS TRANSFER?20/PY/PINBUK CB TO SCB?21/BN/PT 
GARUDA INDONESIA (PERSERO) TBK SKN/1/0 0300?22/BI/30608813157?23/
AB/SCBLIDJX
:61:2106280628CR100000,00NTRFWF/21/06/A00021//3501730408
:86:999?00OUTGOING RTGS TRANSFER?20/PY/PINBUK CB TO SCB?21/BN/PT 
GARUDA INDONESIA (PERSERO) TBK SKN/1/0 0300?22/BI/30608813157?23/
AB/SCBLIDJX
:61:2106280628CR733922,NTRFWF/21/06/A00025//3501730408
:86:999?00OUTGOING RTGS TRANSFER?20/PY/PINBUK CB TO SCB?21/BN/PT 
GARUDA INDONESIA (PERSERO) TBK SKN/1/0 0300?22/BI/30608813157?23/
AB/SCBLIDJX
:62F:C210728IDR6705076464,
:64:C210728IDR6705076464,
-
:20:9400124594241649
:25:100193043
:28:7490
:60F:C210728IDR0,
:62F:C210728IDR0,
:64:C210728IDR0,
-
:20:9400124594241649
:25:100193051
:28:7490
:60F:C210728IDR0,
:62F:C210728IDR0,
:64:C210728IDR0,
-
:20:9400124594241649
:25:100193078
:28:7490
:60F:C210728IDR0,
:62F:C210728IDR0,
:64:C210728IDR0,
-
:20:9400124594241649
:25:100193086
:28:7490
:60F:C210728IDR0,
:62F:C210728IDR0,
:64:C210728IDR0,
-
:20:9400124594241649
:25:100193515
:28:7490
:60F:C210728USD42880,31
:61:2107280728CD16312,15NTRF3137964773//3391033672
:86:999?00FT INCOMING - SWIFT?20/PY/PAID BY IATA-ICCS?21/BN/PT.GA
RUDA INDONESIA (PERSERO) TB TREASURY MANAGEMENT, GD MANA?22GEME G
ARUDA IND LT.2, GARUDA CITY AREA PERKANTORAN, BANDARA?23/BI/10019
3515?24/OA/USD16312,15?25/OB/CITIBANK NA LONDON?26/BO//3085198 IN
TERNATIONAL AIR TRANSPORT 800,PLACE VICTORIA MONTR?27EAL,QUEBEC,H
4Z 1M1 CA?30/OB/CITIBANK NA?32/BO//3085198 INTERNATIONAL AIR TRAN
SPORT 800,PLACE VICT
:62F:C210728USD59192,46
:64:C210728USD59192,46
-
:20:9400124594241650
:25:100193566
:28:7490
:60F:C210728USD2831,50
:62F:C210728USD2831,50
:64:C210728USD2831,50
-
:20:9400124594241649
:25:100193809
:28:7490
:60F:C210728GBP1296,19
:62F:C210728GBP1296,19
:64:C210728GBP1296,19
-
:20:9400124594241650
:25:100193817
:28:7490
:60F:C210728THB51749,73
:62F:C210728THB51749,73
:64:C210728THB51749,73
-
:20:9400124594241649
:25:100193868
:28:7490
:60F:C210728CHF933,28
:62F:C210728CHF933,28
:64:C210728CHF933,28
-
:20:9400124594241649
:25:100193884
:28:7490
:60F:C210728EUR3578,34
:62F:C210728EUR3578,34
:64:C210728EUR3578,34
-
:20:9400124594241649
:25:100193906
:28:7490
:60F:C210728SGD1907,32
:62F:C210728SGD1907,32
:64:C210728SGD1907,32
-
:20:9400124594241649
:25:100193914
:28:7490
:60F:C210728HKD347000,00
:62F:C210728HKD347000,00
:64:C210728HKD347000,00
-
:20:9400124594241649
:25:100193922
:28:7490
:60F:C210728JPY12257411,
:62F:C210728JPY12257411,
:64:C210728JPY12257411,
-
:20:9400124594241649
:25:100193949
:28:7490
:60F:C210728AUD50249,34
:62F:C210728AUD50249,34
:64:C210728AUD50249,34
-
:20:9400124594241649
:25:100193957
:28:7490
:60F:C210728NZD16872,83
:62F:C210728NZD16872,83
:64:C210728NZD16872,83
-
